<?xml version="1.0" encoding="UTF-8"?><collection xmlns="http://www.loc.gov/MARC21/slim"><record><leader>00489nam--2200169-i-4500</leader><controlfield tag="001">000023071</controlfield><controlfield tag="002">20161230</controlfield><controlfield tag="005">20161230201034</controlfield><controlfield tag="008">060222s1000------------r-----000-0-eng-d</controlfield><datafield ind1=" " ind2=" " tag="040"><subfield code="a">IFIN-HH</subfield></datafield><datafield ind1=" " ind2=" " tag="080"><subfield code="a">539.12</subfield></datafield><datafield ind1="1" ind2=" " tag="100"><subfield code="a">Conversi, M</subfield></datafield><datafield ind1="1" ind2="0" tag="245"><subfield code="a">Evolution of particle physics</subfield><subfield code="b">A volume dedicated to edoardo amaldi in his sixtieth birthday</subfield><subfield code="c">M. conversi</subfield></datafield><datafield ind1=" " ind2=" " tag="260"><subfield code="a">New York</subfield><subfield code="b">Academic Press</subfield><subfield code="c">1970</subfield></datafield><datafield ind1=" " ind2=" " tag="300"><subfield code="a">XXII + 342P</subfield></datafield><datafield ind1=" " ind2=" " tag="852"><subfield code="a">35249</subfield><subfield code="c">539.12</subfield></datafield><datafield ind1=" " ind2=" " tag="CAT"><subfield code="a">Sys</subfield><subfield code="c">20111122</subfield><subfield code="h">112543</subfield></datafield></record></collection>